% Encoding: UTF-8

@Article{DBLP:journals/corr/abs-1708-02002,
  author        = {Tsung{-}Yi Lin and Priya Goyal and Ross B. Girshick and Kaiming He and Piotr Doll{\'{a}}r},
  title         = {Focal Loss for Dense Object Detection},
  journal       = {CoRR},
  year          = {2017},
  volume        = {abs/1708.02002},
  archiveprefix = {arXiv},
  bibsource     = {dblp computer science bibliography, http://dblp.org},
  biburl        = {http://dblp.org/rec/bib/journals/corr/abs-1708-02002},
  eprint        = {1708.02002},
  timestamp     = {Tue, 05 Sep 2017 10:03:46 +0200},
  url           = {http://arxiv.org/abs/1708.02002},
}

@Article{he2017mask,
  author  = {He, Kaiming and Gkioxari, Georgia and Doll{\'a}r, Piotr and Girshick, Ross},
  title   = {Mask r-cnn},
  journal = {arXiv preprint arXiv:1703.06870},
  year    = {2017},
}

@Comment{jabref-meta: databaseType:bibtex;}
