% Encoding: UTF-8

@Article{DBLP:journals/corr/KamnitsasLNSKMR16,
  author    = {Konstantinos Kamnitsas and Christian Ledig and Virginia F. J. Newcombe and Joanna P. Simpson and Andrew D. Kane and David K. Menon and Daniel Rueckert and Ben Glocker},
  title     = {Efficient Multi-Scale 3D {CNN} with Fully Connected {CRF} for Accurate Brain Lesion Segmentation},
  journal   = {CoRR},
  year      = {2016},
  volume    = {abs/1603.05959},
  bibsource = {dblp computer science bibliography, http://dblp.org},
  biburl    = {http://dblp.uni-trier.de/rec/bib/journals/corr/KamnitsasLNSKMR16},
  timestamp = {Wed, 07 Jun 2017 14:42:35 +0200},
  url       = {http://arxiv.org/abs/1603.05959},
}

@Article{DBLP:journals/corr/KayalibayJS17,
  author    = {Baris Kayalibay and Grady Jensen and Patrick van der Smagt},
  title     = {CNN-based Segmentation of Medical Imaging Data},
  journal   = {CoRR},
  year      = {2017},
  volume    = {abs/1701.03056},
  bibsource = {dblp computer science bibliography, http://dblp.org},
  biburl    = {http://dblp.uni-trier.de/rec/bib/journals/corr/KayalibayJS17},
  timestamp = {Wed, 07 Jun 2017 14:40:24 +0200},
  url       = {http://arxiv.org/abs/1701.03056},
}

@Article{DBLP:journals/corr/RothOHOSFMM17,
  author    = {Holger R. Roth and Hirohisa Oda and Yuichiro Hayashi and Masahiro Oda and Natsuki Shimizu and Michitaka Fujiwara and Kazunari Misawa and Kensaku Mori},
  title     = {Hierarchical 3D fully convolutional networks for multi-organ segmentation},
  journal   = {CoRR},
  year      = {2017},
  volume    = {abs/1704.06382},
  bibsource = {dblp computer science bibliography, http://dblp.org},
  biburl    = {http://dblp.uni-trier.de/rec/bib/journals/corr/RothOHOSFMM17},
  timestamp = {Wed, 07 Jun 2017 14:40:17 +0200},
  url       = {http://arxiv.org/abs/1704.06382},
}

@Comment{jabref-meta: databaseType:bibtex;}
