% Encoding: UTF-8

@Article{li2006optimal,
  author    = {Li, Kang and Wu, Xiaodong and Chen, Danny Z and Sonka, Milan},
  title     = {Optimal surface segmentation in volumetric images-a graph-theoretic approach},
  journal   = {IEEE transactions on pattern analysis and machine intelligence},
  year      = {2006},
  volume    = {28},
  number    = {1},
  pages     = {119--134},
  publisher = {IEEE},
}

@InProceedings{zhang2017deep,
  author       = {Zhang, Yizhe and Yang, Lin and Chen, Jianxu and Fredericksen, Maridel and Hughes, David P and Chen, Danny Z},
  title        = {Deep Adversarial Networks for Biomedical Image Segmentation Utilizing Unannotated Images},
  booktitle    = {International Conference on Medical Image Computing and Computer-Assisted Intervention},
  year         = {2017},
  pages        = {408--416},
  organization = {Springer},
}

@Comment{jabref-meta: databaseType:bibtex;}
