% Encoding: UTF-8

@Article{Felzenszwalb2004Efficient,
  author  = {Felzenszwalb, Pedro F. and Huttenlocher, Daniel P.},
  title   = {Efficient Graph-Based Image Segmentation},
  journal = {International Journal of Computer Vision},
  year    = {2004},
  volume  = {59},
  number  = {2},
  pages   = {167-181},
}

@InProceedings{girshick2015fast,
  author    = {Girshick, Ross},
  title     = {Fast r-cnn},
  booktitle = {Proceedings of the IEEE international conference on computer vision},
  year      = {2015},
  pages     = {1440--1448},
}

@InProceedings{ren2015faster,
  author    = {Ren, Shaoqing and He, Kaiming and Girshick, Ross and Sun, Jian},
  title     = {Faster R-CNN: Towards real-time object detection with region proposal networks},
  booktitle = {Advances in neural information processing systems},
  year      = {2015},
  pages     = {91--99},
}

@InProceedings{girshick2014rich,
  author    = {Girshick, Ross and Donahue, Jeff and Darrell, Trevor and Malik, Jitendra},
  title     = {Rich feature hierarchies for accurate object detection and semantic segmentation},
  booktitle = {Proceedings of the IEEE conference on computer vision and pattern recognition},
  year      = {2014},
  pages     = {580--587},
}

@Article{DBLP:journals/corr/abs-1708-02002,
  author        = {Tsung{-}Yi Lin and Priya Goyal and Ross B. Girshick and Kaiming He and Piotr Doll{\'{a}}r},
  title         = {Focal Loss for Dense Object Detection},
  journal       = {CoRR},
  year          = {2017},
  volume        = {abs/1708.02002},
  archiveprefix = {arXiv},
  bibsource     = {dblp computer science bibliography, http://dblp.org},
  biburl        = {http://dblp.org/rec/bib/journals/corr/abs-1708-02002},
  eprint        = {1708.02002},
  timestamp     = {Tue, 05 Sep 2017 10:03:46 +0200},
  url           = {http://arxiv.org/abs/1708.02002},
}

@Article{he2017mask,
  author  = {He, Kaiming and Gkioxari, Georgia and Doll{\'a}r, Piotr and Girshick, Ross},
  title   = {Mask r-cnn},
  journal = {arXiv preprint arXiv:1703.06870},
  year    = {2017},
}

@Article{DBLP:journals/corr/QiSMG16,
  author        = {Charles Ruizhongtai Qi and Hao Su and Kaichun Mo and Leonidas J. Guibas},
  title         = {PointNet: Deep Learning on Point Sets for 3D Classification and Segmentation},
  journal       = {CoRR},
  year          = {2016},
  volume        = {abs/1612.00593},
  archiveprefix = {arXiv},
  bibsource     = {dblp computer science bibliography, http://dblp.org},
  biburl        = {http://dblp.org/rec/bib/journals/corr/QiSMG16},
  eprint        = {1612.00593},
  timestamp     = {Wed, 07 Jun 2017 14:43:06 +0200},
  url           = {http://arxiv.org/abs/1612.00593},
}

@Comment{jabref-meta: databaseType:bibtex;}
