% Encoding: UTF-8

@Article{Dong,
  author          = {Dong, Bin},
  title           = {{PDE-NET: LEARNING PDES FROM DATA}},
  pages           = {1--15},
  archiveprefix   = {arXiv},
  arxivid         = {arXiv:1710.09668v1},
  eprint          = {arXiv:1710.09668v1},
  mendeley-groups = {Training Tricks and Structuers},
}

@Comment{jabref-meta: databaseType:bibtex;}
